@online{Python,
  author = {Python Software Foundation},
  title = {Python Language Reference, version 2.7},
  url = {https://docs.python.org}
}

@article{PATRIC,
  author = {Wattam, AR and Davis, JJ and Assaf, R and Boisvert, S and Brettin, T and Bun, C and Conrad, N and Dietrich, EM and Disz, T and Gabbard, JL and Gerdes, S and Henry, CS and Kenyon, RW and Machi, D and Mao, C and Nordberg, EK and Olsen, GJ and Murphy-Olson, DE and Olson, R and Overbeek, R and Parrello, B and Pusch, GD and Shukla, M and Vonstein, V and Warren, A and Xia, F and Yoo, H and Stevens, RL
},
  title = {PATRIC, the bacterial bioinformatics database and analysis resource.},
  journal={Nucleic Acids Res},
  volume={42},
  year={2016},
  url = {https://www.patricbrc.org/}
}

@Article{pmid25937954,
   Author="Valentini, G. ",
   Title="{{H}ierarchical ensemble methods for protein function prediction}",
   Journal="ISRN Bioinform",
   Year="2014",
   Volume="2014",
   Pages="901419"
}

@Article{pmid15486203,
   Author="Ruepp, A.  and Zollner, A.  and Maier, D.  and Albermann, K.  and Hani, J.  and Mokrejs, M.  and Tetko, I.  and Guldener, U.  and Mannhaupt, G.  and Munsterkotter, M.  and Mewes, H. W. ",
   Title="{{T}he {F}un{C}at, a functional annotation scheme for systematic classification of proteins from whole genomes}",
   Journal="Nucleic Acids Res.",
   Year="2004",
   Volume="32",
   Pages="5539--5545"
}

@Article{pmid14681407,
   Author="Harris, M. A.  and Clark, J.  and Ireland, A.  and Lomax, J.  and Ashburner, M.  and Foulger, R.  and Eilbeck, K.  and Lewis, S.  and Marshall, B.  and Mungall, C.  and Richter, J.  and Rubin, G. M.  and Blake, J. A.  and Bult, C.  and Dolan, M.  and Drabkin, H.  and Eppig, J. T.  and Hill, D. P.  and Ni, L.  and Ringwald, M.  and Balakrishnan, R.  and Cherry, J. M.  and Christie, K. R.  and Costanzo, M. C.  and Dwight, S. S.  and Engel, S.  and Fisk, D. G.  and Hirschman, J. E.  and Hong, E. L.  and Nash, R. S.  and Sethuraman, A.  and Theesfeld, C. L.  and Botstein, D.  and Dolinski, K.  and Feierbach, B.  and Berardini, T.  and Mundodi, S.  and Rhee, S. Y.  and Apweiler, R.  and Barrell, D.  and Camon, E.  and Dimmer, E.  and Lee, V.  and Chisholm, R.  and Gaudet, P.  and Kibbe, W.  and Kishore, R.  and Schwarz, E. M.  and Sternberg, P.  and Gwinn, M.  and Hannick, L.  and Wortman, J.  and Berriman, M.  and Wood, V.  and de la Cruz, N.  and Tonellato, P.  and Jaiswal, P.  and Seigfried, T.  and White, R. ",
   Title="{{T}he {G}ene {O}ntology ({G}{O}) database and informatics resource}",
   Journal="Nucleic Acids Res.",
   Year="2004",
   Volume="32",
   Pages="258--261",
}

@InProceedings{LGBM, 
author={Guolin Ke and Qi Meng and Thomas Finley and Taifeng Wang and Wei Chen and Weidong Ma and Qiwei Ye1 and Tie-Yan Liu}, 
title={LightGBM: A Highly Efficient Gradient Boosting Decision Tree},
booktitle={31st Conference on Neural Information Processing Systems (NIPS)},
year={2017}
}

@article{doi:10.1093/bib/bbl004,
author = {Friedberg, Iddo},
title = {Automated protein function prediction—the genomic challenge},
journal = {Briefings in Bioinformatics},
volume = {7},
number = {3},
pages = {225-242},
year = {2006},
doi = {10.1093/bib/bbl004},
}

@inproceedings{Chen:2016:XST:2939672.2939785,
 author = {Tianqi Chen, and Carlos Guestrin},
 title = {XGBoost: A Scalable Tree Boosting System},
 booktitle = {Proceedings of the 22nd ACM SIGKDD International Conference on Knowledge Discovery and Data Mining},
 series = {KDD '16},
 year = {2016},
 isbn = {978-1-4503-4232-2},
 location = {San Francisco, California, USA},
 pages = {785--794},
 numpages = {10},
 url = {http://doi.acm.org/10.1145/2939672.2939785},
 doi = {10.1145/2939672.2939785},
 acmid = {2939785},
 publisher = {ACM}
}

@article{scikit-learn,
 title={Scikit-learn: Machine Learning in {P}ython},
 author={Pedregosa, F. and Varoquaux, G. and Gramfort, A. and Michel, V.
         and Thirion, B. and Grisel, O. and Blondel, M. and Prettenhofer, P.
         and Weiss, R. and Dubourg, V. and Vanderplas, J. and Passos, A. and
         Cournapeau, D. and Brucher, M. and Perrot, M. and Duchesnay, E.},
 journal={Journal of Machine Learning Research},
 volume={12},
 pages={2825--2830},
 year={2011}
}

@online{HMMER3,
  author = {Eddy, S. and Wheeler, T.},
  title = {Biological sequence analysis using profile hidden Markov models},
  url = {http://hmmer.org/}
}

@article{MAFFT,
 title={MAFFT: a novel method for rapid multiple sequence alignment based on fast Fourier transform.
},
 author={Katoh, Misawa and Kuma, Miyata},
 journal={Nucleic Acids Res},
 volume={30},
 pages={3059-3066},
 year={2002}
}

@article{1601.00891,
Author = {Yuxiang Jiang and Tal Ronnen Oron and Wyatt T Clark and Asma R Bankapur and Daniel D'Andrea, et. al.},
Title = {An expanded evaluation of protein function prediction methods shows an improvement in accuracy},
Year = {2016},
Eprint = {arXiv:1601.00891},
Doi = {10.1186/s13059-016-1037-6}
}

@misc{1705.04802,
Author = {Ahmet Sureyya Rifaioglu and Tunca Doğan and Maria Jesus Martin and Rengul Cetin-Atalay and Mehmet Volkan Atalay},
Title = {Multi-task Deep Neural Networks in Automated Protein Function Prediction},
Year = {2017},
Eprint = {arXiv:1705.04802}
}


@article{Prokka,
 title={Prokka: rapid prokaryotic genome annotation},
 author={Seemann, Torsten},
 journal={Bioinformatics},
 volume={30},
 pages={2068–2069},
 year={2014}
}

@Article{pmid16214803,
   Author={Overbeek, R.  and Begley, T.  and Butler, R. M.  and Choudhuri, J. V.  and Chuang, H. Y.  and Cohoon, M.  and de Crecy-Lagard, V.  and Diaz, N.  and Disz, T.  and Edwards, R.  and Fonstein, M.  and Frank, E. D.  and Gerdes, S.  and Glass, E. M.  and Goesmann, A.  and Hanson, A.  and Iwata-Reuyl, D.  and Jensen, R.  and Jamshidi, N.  and Krause, L.  and Kubal, M.  and Larsen, N.  and Linke, B.  and McHardy, A. C.  and Meyer, F.  and Neuweger, H.  and Olsen, G.  and Olson, R.  and Osterman, A.  and Portnoy, V.  and Pusch, G. D.  and Rodionov, D. A.  and Ruckert, C.  and Steiner, J.  and Stevens, R.  and Thiele, I.  and Vassieva, O.  and Ye, Y.  and Zagnitko, O.  and Vonstein, V.},
   Title={The subsystems approach to genome annotation and its use in the project to annotate 1000 genomes},
   Journal={Nucleic Acids Res},
   Year={2005},
   Volume={33},
   Number={17},
   Pages={5691--5702}
}

@Article{pmid23353650,
   Author = {Radivojac, P.  and Clark, W. T.  and Oron, T. R.  and Schnoes, A. M.  and Wittkop, T.  and Sokolov, A.  and Graim, K.  and Funk, C. and et. al. },
   Title = {A large-scale evaluation of computational protein function prediction},
   Journal={Nat. Methods},
   Year={2013},
   Volume={10},
   Number={3},
   Pages={221--227}
}

@Article{pmid18037900,
   Author={Lee, D.  and Redfern, O.  and Orengo, C. },
   Title={Pedicting protein function from sequence and structure},
   Journal={Nat. Rev. Mol. Cell Biol.},
   Year={2007},
   Volume={8},
   Number={12},
   Pages={995--1005}
}

